% example .bib file for use with projectpaper.tex

@book{parker1995she,
  title={She does math!: real-life problems from women on the job},
  author={Parker, Marla},
  volume={4},
  year={1995},
  publisher={MAA}
}

@article{munroe2010xkcd,
  title={Xkcd\# 832: Tic-Tac-Toe},
  author={Munroe, R},
  journal={URL: http://xkcd. com/832},
  volume={1},
  year={2010}
}

@article{golomb2002hypercube,
  title={Hypercube tic-tac-toe},
  author={Golomb, Solomon W and Hales, Alfred W},
  journal={More Games of No Chance},
  volume={42},
  pages={167--180},
  year={2002},
  publisher={Cambridge Univ. Press}
}

@article{trick3norman,
  title={Mathellaneous: How to Win at TicTacToe},
  author={Norman Do},
  journal={Gazette of the Australian Mathematical Society},
  pages={151-161},
  year={2005}
}

@article{patashnik1980qubic,
  title={Qubic: 4$\times$ 4$\times$ 4 tic-tac-toe},
  author={Patashnik, Oren},
  journal={Mathematics Magazine},
  volume={53},
  number={4},
  pages={202--216},
  year={1980},
  publisher={Taylor \& Francis}
}

@article{antoy1987modeling,
  title={Modeling and isomorphisms of positional board games},
  author={Antoy, Sergio},
  journal={IEEE transactions on pattern analysis and machine intelligence},
  number={5},
  pages={669--675},
  year={1987},
  publisher={IEEE}
}

@article{polson2017deep,
  title={Deep learning: a Bayesian perspective},
  author={Polson, Nicholas G and Sokolov, Vadim and others},
  journal={Bayesian Analysis},
  volume={12},
  number={4},
  pages={1275--1304},
  year={2017},
  publisher={International Society for Bayesian Analysis}
}

@book{hefetz2014positional,
  title={Positional games},
  author={Hefetz, Dan and Krivelevich, Michael and Stojakovi{\'c}, Milo{\v{s}} and Szab{\'o}, Tibor},
  year={2014},
  publisher={Springer}
}

 @misc{ wiki:hyperoctahedral,
   author = "{Wikipedia contributors}",
   title = {Hyperoctahedral Group --- Wikipedia{,} The Free Encyclopedia},
   year = "2020",
   url = "https://en.wikipedia.org/wiki/Hyperoctahedral_group",
   note = "[Online; accessed 27-April-2020]"
 }
 
 @article{mozur_2017, 
	title={Googleâ€™s AlphaGo Defeats Chinese Go Master in Win for A.I.}, 
	url={https://www.nytimes.com/2017/05/23/business/google-deepmind-alphago-go-champion-defeat.html}, 
	journal={New York Times}, 
	author={Mozur, Paul}, 
	year={2017}, 
	month={May}
} 
 
 @article{franklin_1955, 
	title={Three-Dimensional Tic-Tac-Toe Game}, 
	url={https://www.nytimes.com/2017/05/23/business/google-deepmind-alphago-go-champion-defeat.html}, 
	journal={Journal of the Franlin Institute}, 
	author={Mozur, Paul}, 
	year={1955}, 
	month={May},
	volume={259(1)},
	pages={85}
} 